<?xml version="1.0" encoding="UTF-8"?>
<marc:collection xmlns:marc="http://www.loc.gov/MARC21/slim" xmlns:xsi="http://www.w3.org/2001/XMLSchema-instance" xsi:schemaLocation="http://www.loc.gov/MARC21/slim http://www.loc.gov/standards/marcxml/schema/MARC21slim.xsd">
   <marc:record type="Bibliographic">
      <marc:leader>01517cam a2200277La 4500</marc:leader>
      <marc:controlfield tag="001">5833014</marc:controlfield>
      <marc:controlfield tag="003">NjP</marc:controlfield>
      <marc:controlfield tag="005">20130521110727.0</marc:controlfield>
      <marc:controlfield tag="008">090612s1891    ua            000 0 ara d</marc:controlfield>
      <marc:datafield tag="024" ind1="7" ind2=" ">
         <marc:subfield code="a">princeton_aco001089</marc:subfield>
         <marc:subfield code="2">local</marc:subfield>
      </marc:datafield>
      <marc:datafield tag="035" ind1=" " ind2=" ">
         <marc:subfield code="a">(OCoLC)ocn391963845</marc:subfield>
      </marc:datafield>
      <marc:datafield tag="035" ind1=" " ind2=" ">
         <marc:subfield code="a">(OCoLC)391963845</marc:subfield>
      </marc:datafield>
      <marc:datafield tag="040" ind1=" " ind2=" ">
         <marc:subfield code="a">CUD</marc:subfield>
         <marc:subfield code="c">PUL</marc:subfield>
         <marc:subfield code="d">OCLCG</marc:subfield>
         <marc:subfield code="d">PUL</marc:subfield>
      </marc:datafield>
      <marc:datafield tag="049" ind1=" " ind2=" ">
         <marc:subfield code="a">PULL</marc:subfield>
      </marc:datafield>
      <marc:datafield tag="079" ind1=" " ind2=" ">
         <marc:subfield code="a">ocm85059251</marc:subfield>
      </marc:datafield>
      <marc:datafield tag="100" ind1="0" ind2=" ">
         <marc:subfield code="a">Nazillı̂ Mehmet Hakkı,</marc:subfield>
         <marc:subfield code="d">-1897 or 1898.</marc:subfield>
      </marc:datafield>
      <marc:datafield tag="245" ind1="1" ind2="0">
         <marc:subfield code="6">880-01</marc:subfield>
         <marc:subfield code="a">Khazīnat al-asrār jalīlat al-adhkār /</marc:subfield>
         <marc:subfield code="c">jamaʻahā al-Sayyid Muḥammad Ḥaqqī ʼal-Nāzilī. Wa-bi-hāmishihā kitāb al-Ḥiṣn al-ḥaṣīn min kalām sayyid al-mursalīn / lil-ʻallāmah Shams al-Dīn Muḥammad ibn al-Jazarī.</marc:subfield>
      </marc:datafield>
      <marc:datafield tag="260" ind1=" " ind2=" ">
         <marc:subfield code="6">880-02</marc:subfield>
         <marc:subfield code="a">Miṣr :</marc:subfield>
         <marc:subfield code="b">al-Maṭbaʻah al-Khayrīyah,</marc:subfield>
         <marc:subfield code="c">1309 [1891]</marc:subfield>
      </marc:datafield>
      <marc:datafield tag="300" ind1=" " ind2=" ">
         <marc:subfield code="a">200p ;</marc:subfield>
         <marc:subfield code="c">27cm.</marc:subfield>
      </marc:datafield>
      <marc:datafield tag="650" ind1=" " ind2="0">
         <marc:subfield code="a">Prayer</marc:subfield>
         <marc:subfield code="x">Islam.</marc:subfield>
      </marc:datafield>
      <marc:datafield tag="650" ind1=" " ind2="0">
         <marc:subfield code="a">Hadith.</marc:subfield>
      </marc:datafield>
      <marc:datafield tag="700" ind1="1" ind2=" ">
         <marc:subfield code="6">880-03</marc:subfield>
         <marc:subfield code="a">Ibn al-Jazarī, Muḥammad ibn Muḥammad,</marc:subfield>
         <marc:subfield code="d">1350-1429.</marc:subfield>
         <marc:subfield code="t">Ḥiṣn al-ḥaṣin.</marc:subfield>
      </marc:datafield>
      <marc:datafield tag="880" ind1="1" ind2="0">
         <marc:subfield code="6">245-01/r</marc:subfield>
         <marc:subfield code="a">خزينة الاسرار جليلة الاذكار /</marc:subfield>
         <marc:subfield code="c">جمعها السيد محمد حقي ألنازلي. وبهامشها كتاب الحصن الحصين من كلام سيد المرسلين / للعلامة شمس الدين محمد بن الجزري.</marc:subfield>
      </marc:datafield>
      <marc:datafield tag="880" ind1=" " ind2=" ">
         <marc:subfield code="6">260-02/r</marc:subfield>
         <marc:subfield code="a">مصر :</marc:subfield>
         <marc:subfield code="b">المطبعة الخيرية،</marc:subfield>
         <marc:subfield code="c">1309 [1891]</marc:subfield>
      </marc:datafield>
      <marc:datafield tag="880" ind1="1" ind2=" ">
         <marc:subfield code="6">700-03/r</marc:subfield>
         <marc:subfield code="a">ابن الجزري، محمد بن محمد،</marc:subfield>
         <marc:subfield code="d">1350-1429.</marc:subfield>
         <marc:subfield code="t">حصن الحصن.</marc:subfield>
      </marc:datafield>
      <marc:datafield tag="852" ind1="0" ind2=" ">
         <marc:subfield code="b">nec</marc:subfield>
         <marc:subfield code="h">BP135.8.P66</marc:subfield>
         <marc:subfield code="i">N395 1891</marc:subfield>
         <marc:subfield code="p">5915281</marc:subfield>
         <marc:subfield code="x">reclassed from: 2272.706.352.1891</marc:subfield>
      </marc:datafield>
      <marc:datafield tag="994" ind1=" " ind2=" ">
         <marc:subfield code="a">C0</marc:subfield>
         <marc:subfield code="b">PUL</marc:subfield>
      </marc:datafield>
      <marc:datafield tag="902" ind1=" " ind2=" ">
         <marc:subfield code="a">jab</marc:subfield>
         <marc:subfield code="b">m</marc:subfield>
         <marc:subfield code="6">a</marc:subfield>
         <marc:subfield code="7">m</marc:subfield>
         <marc:subfield code="d">v</marc:subfield>
         <marc:subfield code="f">1</marc:subfield>
         <marc:subfield code="e">20090702</marc:subfield>
      </marc:datafield>
   </marc:record>
</marc:collection>
